@book{russel2016,
title={Artificial Intelligence: A Modern Approach},
author={Russell, S. and Norvig, P.},
isbn={9781292153964},
series={Always learning},
year={2016},
publisher={Pearson}
}

@book{james2006,
author = {James, Gareth and Witten, Daniela and Hastie, Trevor and Tibshirani, Robert},
booktitle = {Design},
isbn = {9780387781884},
pages = {618},
title = {{Springer Texts in Statistics}},
volume = {102},
year = {2006}
}

@article{neelamegam2013,
author = {S. Neelamegam and E. Ramaraj}, 
journal = {International Journal of P2P Network Trends and Technology},
title = {{Classification algorithm in Data mining: An Overview}},
volume = {3},
year = {2013},
pages = {369}
}

@article{aly2005,
author = {Aly, M},
year = {2005},
month = {01},
title = {{Survey on multiclass classification methods}},
journal = {Survey on Multiclass Classification Methods}
}

@article{venkata2011,
author = {Venkata Ramana, Bendi and Prasad Babu, MSurendra and Venkateswarlu, N B and Professor, Associate},
journal = {International Journal of Database Management Systems ( IJDMS )},
title = {{A Critical Study of Selected Classification Algorithms for Liver Disease Diagnosis}},
volume = {3},
year = {2011}
}

@article{alzahani2015,
author = {M. Alzahani, Salha and Althopity, Afnan and Alghamdi, Ashwag and Alshehri, Boushra and Aljuaid, Suheer},
year = {2015},
title = {An Overview of Data Mining Techniques Applied for Heart Disease Diagnosis and Prediction},
volume = {2},
journal = {Lecture Notes on Information Theory}
}

@article{moradi2012,
author = {Moradi, Mohsen and Sardasht, Shafiee and Ebrahimpour, Maliheh},
journal = {World Applied Sciences Journal},
number = {6},
pages = {710-717},
title = {{An Application of Support Vector Machines in Bankruptcy Prediction; Evidence from Iran}},
volume = {17},
year = {2012}
}

@article{thomas2000,
author = {Thomas, Lyn},
year = {2000},
pages = {149-172},
title = {A Survey of Credit and Behavioural Scoring: Forecasting Financial Risk of Lending to Consumers},
volume = {16},
journal = {International Journal of Forecasting}
}

@book{rokach2007,
author = {Rokach, Lior and Maimon, Oded},
booktitle = {Data Mining and Knowledge Discovery},
isbn = {9789812771711},
pages = {242},
title = {{Data mining with decision trees: theory and applications}},
year = {2007}
}

@inbook{rokach2005,
author = {Rokach, Lior and Maimon, Oded},
year = {2005},
month = {01},
pages = {165-192},
title = {Decision Trees},
volume = {6},
journal = {The Data Mining and Knowledge Discovery Handbook},
}

@book{kirk2017,
author = {Kirk, Matthew},
isbn = {9781449374068},
pages = {216},
publisher = {O'Reilly Media},
title = {{Thoughtful Machine Learning with Python}},
year = {2017}
}

@article{rish2001,
author = {Rish, Irina},
year = {2001},
month = {01},
title = {An Empirical Study of the Na√Øve Bayes Classifier},
volume = {3},
journal = {IJCAI 2001 Work Empir Methods Artif Intell}
}

@techreport{dietterich1995,
author = {Dietterich, Thomas G and Bakiri, Ghulum},
booktitle = {Journal of Artiicial Intelligence Research},
pages = {263--286},
title = {{Solving Multiclass Learning Problems via Error-Correcting Output Codes}},
volume = {2},
year = {1995}
}

@article{allwein2001,
author = {L. Allwein, Erin and E. Schapire, Robert and Singer, Yoram},
year = {2001},
title = {Reducing Multiclass to Binary: A Unifying Approach for Margin Classifiers},
volume = {1},
journal = {Journal of Machine Learning Research}
}