@book{featureselectionforhighdimensionaldata,
author = {Bol{\'{o}}n-Canedo, Ver{\'{o}}nica and S{\'a}nchez-Maro{\~{n}}o, Noelia and Alonso-Betanzos, Amparo},
publisher = {Springer International Publishing},
series = {Artificial Intelligence: Foundations, Theory, and Algorithms},
title = {Feature Selection for High-Dimensional Data},
year = {2015},
isbn = {978-3-319-21857-1}
}

@article{Sorzano2014,
author = {Sorzano, C. O. S. and Vargas, J. and Montano, A. Pascual},
pages = {1--35},
title = {{A survey of dimensionality reduction techniques}},
year = {2014},
journal = {{arXiv}}
}

@inProceedings{DataShrinkingBasedFeatureRankingforProteinClassification,
author="Dua, Sumeet
and Saini, Sheetal",
editor="Prasad, Sushil K.
and Routray, Susmi
and Khurana, Reema
and Sahni, Sartaj",
title="Data Shrinking Based Feature Ranking for Protein Classification",
booktitle="Information Systems, Technology and Management",
year="2009",
publisher="Springer Berlin Heidelberg",
pages="54--63",
isbn="978-3-642-00405-6"
}

@article{Wang2003,
author = {Wang, Xuechuan and Paliwal, Kuldip K},
journal = {Pattern Recognition},
number = {10},
pages = {2429--2439},
title = {{Feature extraction and dimensionality reduction algorithms and their applications in vowel recognition}},
volume = {36},
year = {2003}
}

@article{Genuer2010,
author = {Genuer, Robin and Poggi, Jean Michel and Tuleau-Malot, Christine},
journal = {Pattern Recognition Letters},
number = {14},
pages = {2225--2236},
title = {{Variable selection using random forests}},
volume = {31},
year = {2010}
}

@article{Diaz-Uriarte2006,
author = {D{\'{i}}az-Uriarte, Ram{\'{o}}n and {Alvarez de Andr{\'{e}}s}, Sara},
journal = {BMC Bioinformatics},
title = {{Gene selection and classification of microarray data using random forest}},
volume = {7},
year = {2006}
}

@book{jolliffe2002principal,
title={Principal Component Analysis},
author={Jolliffe, I.T.},
isbn={9780387954424},
series={Springer Series in Statistics},
year={2002},
publisher={Springer}
}

@book{jackson2005user,
title={A User's Guide to Principal Components},
author={Jackson, J.E.},
isbn={9780471725329},
series={Wiley Series in Probability and Statistics},
year={2005},
publisher={Wiley}
}

@inproceedings{Guan2009,
author = {Guan, Yue and Dy, Jg},
booktitle = {AISTATS},
pages = {185--192},
title = {{Sparse probabilistic principal component analysis}},
year = {2009}
}


@article{Breiman2001,
author={Breiman, Leo},
title={Random Forests},
journal={Machine Learning},
year={2001},
volume={45},
number={1},
pages={5--32},
}

@article{Sharma2015,
author = {Sharma, Alok and Paliwal, Kuldip K},
journal = {International Journal of Machine Learning and Cybernetics},
number = {3},
pages = {443--454},
title = {{Linear discriminant analysis for the small sample size problem: an overview}},
volume = {6},
year = {2015}
}

@article{Huang2002,
author = {Huang, Rui and Liu, Qingshan and Lu, Hanqing and Ma, Songde},
journal = {International Conference on Pattern Recognition},
pages = {29--32},
title = {{Solving the small sample size problem of LDA}},
volume = {3},
year = {2002}
}