% Encoding: UTF-8

@Book{Haykin:1994:NNC:541500,
  title     = {Neural Networks: A Comprehensive Foundation},
  publisher = {Prentice Hall PTR},
  year      = {1994},
  author    = {Haykin, Simon},
  address   = {Upper Saddle River, NJ, USA},
  edition   = {1st},
  isbn      = {0023527617},
}

@Article{GURESEN2011426,
  author  = {Erkam Guresen and Gulgun Kayakutlu},
  title   = {Definition of artificial neural networks with comparison to other networks},
  journal = {Procedia Computer Science},
  year    = {2011},
  volume  = {3},
  pages   = {426 - 433},
  issn    = {1877-0509},
  note    = {World Conference on Information Technology},
  url     = {http://www.sciencedirect.com/science/article/pii/S1877050910004461},
}

@Article{doi:10.1080/02626669809492102,
  author    = {CHRISTIAN W. DAWSON and ROBERT WILBY},
  title     = {An artificial neural network approach to rainfall-runoff modelling},
  journal   = {Hydrological Sciences Journal},
  year      = {1998},
  volume    = {43},
  number    = {1},
  pages     = {47-66},
  publisher = {Taylor \& Francis},
  url       = { 
        https://doi.org/10.1080/02626669809492102
    
},
}

@Misc{karpathy_2018,
  author  = {Karpathy, Andrej},
  title   = {CS231n Convolutional Neural Networks for Visual Recognition},
  year    = {2018},
  journal = {Cs231n.github.io},
  url     = {http://cs231n.github.io/convolutional-networks/},
}

@Misc{rohrer_2016,
  author  = {Rohrer, Brandon},
  title   = {How do Convolutional Neural Networks work?},
  year    = {2016},
  journal = {Brohrer.github.io},
  url     = {http://brohrer.github.io/how_convolutional_neural_networks_work.html},
}

@InProceedings{Ciresan:2011:FHP:2283516.2283603,
  author    = {Cire\c{s}an, Dan C. and Meier, Ueli and Masci, Jonathan and Gambardella, Luca M. and Schmidhuber, J\"{u}rgen},
  title     = {Flexible, High Performance Convolutional Neural Networks for Image Classification},
  booktitle = {Proceedings of the Twenty-Second International Joint Conference on Artificial Intelligence - Volume Volume Two},
  year      = {2011},
  series    = {IJCAI'11},
  pages     = {1237--1242},
  publisher = {AAAI Press},
  acmid     = {2283603},
  isbn      = {978-1-57735-514-4},
  location  = {Barcelona, Catalonia, Spain},
  numpages  = {6},
  url       = {http://dx.doi.org/10.5591/978-1-57735-516-8/IJCAI11-210},
}

@InCollection{NIPS2012_4824,
  author    = {Alex Krizhevsky and Sutskever, Ilya and Hinton, Geoffrey E},
  title     = {ImageNet Classification with Deep Convolutional Neural Networks},
  booktitle = {Advances in Neural Information Processing Systems 25},
  publisher = {Curran Associates, Inc.},
  year      = {2012},
  editor    = {F. Pereira and C. J. C. Burges and L. Bottou and K. Q. Weinberger},
  pages     = {1097--1105},
  url       = {http://papers.nips.cc/paper/4824-imagenet-classification-with-deep-convolutional-neural-networks.pdf},
}

@Article{DBLP:journals/corr/KalchbrennerGB14,
  author        = {Nal Kalchbrenner and Edward Grefenstette and Phil Blunsom},
  title         = {A Convolutional Neural Network for Modelling Sentences},
  journal       = {CoRR},
  year          = {2014},
  volume        = {abs/1404.2188},
  archiveprefix = {arXiv},
  bibsource     = {dblp computer science bibliography, https://dblp.org},
  biburl        = {https://dblp.org/rec/bib/journals/corr/KalchbrennerGB14},
  eprint        = {1404.2188},
  timestamp     = {Mon, 13 Aug 2018 16:46:24 +0200},
  url           = {http://arxiv.org/abs/1404.2188},
}

@Misc{sharmav_2017,
  author  = {Sharma V, Avinash},
  title   = {Understanding Activation Functions in Neural Networks},
  year    = {2017},
  journal = {Medium},
  url     = {https://medium.com/the-theory-of-everything/understanding-activation-functions-in-neural-networks-9491262884e0},
}

@Comment{jabref-meta: databaseType:bibtex;}
