@misc{pagels_what_2018,
	title = {What is online machine learning?},
	journal = {Value Stream Design},
	author = {Pagels, Max},
	month = apr,
	year = {2018}
}

@article{hoi_libol:_2014,
	title = {{LIBOL}: {A} {Library} for {Online} {Learning} {Algorithms}},
	volume = {15},
	issn = {1532-4435},
	shorttitle = {{LIBOL}},
	number = {1},
	journal = {J. Mach. Learn. Res.},
	author = {Hoi, Steven C. H. and Wang, Jialei and Zhao, Peilin},
	month = jan,
	year = {2014},
	pages = {495--499}
}

@INPROCEEDINGS{oza_online_2005, 
author={N. C. Oza}, 
booktitle={2005 IEEE International Conference on Systems, Man and Cybernetics}, 
title={Online bagging and boosting}, 
year={2005}, 
volume={3}, 
number={}, 
pages={2340-2345 Vol. 3}, 
ISSN={1062-922X}, 
month={Oct},}

@article{hoi_online_2018,
	title = {Online {Learning}: {A} {Comprehensive} {Survey}},
	shorttitle = {Online {Learning}},
	journal = {arXiv:1802.02871 [cs]},
	author = {Hoi, Steven C. H. and Sahoo, Doyen and Lu, Jing and Zhao, Peilin},
	month = feb,
	year = {2018},
	note = {arXiv: 1802.02871}
}

@inproceedings{zhang_projection-free_2017,
	address = {International Convention Centre, Sydney, Australia},
	series = {Proceedings of {Machine} {Learning} {Research}},
	title = {Projection-free {Distributed} {Online} {Learning} in {Networks}},
	volume = {70},
	booktitle = {Proceedings of the 34th {International} {Conference} on {Machine} {Learning}},
	publisher = {PMLR},
	author = {Zhang, Wenpeng and Zhao, Peilin and Zhu, Wenwu and Hoi, Steven C. H. and Zhang, Tong},
	editor = {Precup, Doina and Teh, Yee Whye},
	month = aug,
	year = {2017},
	pages = {4054--4062}
}

@inproceedings{Lane:1998:AOL:3000292.3000339,
 author = {Lane, Terran and Brodley, Carla E.},
 title = {Approaches to Online Learning and Concept Drift for User Identification in Computer Security},
 booktitle = {Proceedings of the Fourth International Conference on Knowledge Discovery and Data Mining},
 series = {KDD'98},
 year = {1998},
 location = {New York, NY},
 pages = {259--263},
 numpages = {5},
 acmid = {3000339},
 publisher = {AAAI Press},
} 

@inproceedings{gepperth_incremental_2016,
	address = {Bruges, Belgium},
	title = {Incremental learning algorithms and applications},
	booktitle = {European {Symposium} on {Artificial} {Neural} {Networks} ({ESANN})},
	author = {Gepperth, Alexander and Hammer, Barbara},
	year = {2016}
}

@incollection{bower_catastrophic_1989,
	series = {Psychology of {Learning} and {Motivation}},
	title = {Catastrophic {Interference} in {Connectionist} {Networks}: {The} {Sequential} {Learning} {Problem}},
	volume = {24},
	publisher = {Academic Press},
	author = {McCloskey, Michael and Cohen, Neal J.},
	editor = {Bower, Gordon H.},
	year = {1989},
	pages = {109 -- 165}
}

@article{widmer_learning_1996,
	title = {Learning in the presence of concept drift and hidden contexts},
	volume = {23},
	issn = {1573-0565},
	number = {1},
	journal = {Machine Learning},
	author = {Widmer, Gerhard and Kubat, Miroslav},
	month = apr,
	year = {1996},
	pages = {69--101}
}

@article{schlimmer_incremental_1986,
	title = {Incremental learning from noisy data},
	volume = {1},
	issn = {1573-0565},
	number = {3},
	journal = {Machine Learning},
	author = {Schlimmer, Jeffrey C. and Granger, Richard H.},
	month = sep,
	year = {1986},
	pages = {317--354}
}

@article{krawczyk_online_2018,
	title = {Online ensemble learning with abstaining classifiers for drifting and noisy data streams},
	volume = {68},
	issn = {1568-4946},
	journal = {Applied Soft Computing},
	author = {Krawczyk, Bartosz and Cano, Alberto},
	month = jul,
	year = {2018},
	pages = {677--692}
}

@article{Gama2014ASO,
 author = {Gama, Jo\~{a}o and \v{Z}liobait\.{e}, Indr\.{e} and Bifet, Albert and Pechenizkiy, Mykola and Bouchachia, Abdelhamid},
 title = {A Survey on Concept Drift Adaptation},
 journal = {ACM Comput. Surv.},
 issue_date = {April 2014},
 volume = {46},
 number = {4},
 month = mar,
 year = {2014},
 issn = {0360-0300},
 pages = {44:1--44:37},
 articleno = {44},
 numpages = {37},
 acmid = {2523813},
 publisher = {ACM},
 address = {New York, NY, USA}
}

@article{wozniak_hybrid_2011,
	title = {A hybrid decision tree training method using data streams},
	volume = {29},
	issn = {0219-3116},
	number = {2},
	journal = {Knowledge and Information Systems},
	author = {Wozniak, Michal},
	month = nov,
	year = {2011},
	pages = {335--347}
}