@inproceedings{pedreschi2008,
  author = {Pedreschi, Dino and Ruggieri, Salvatore and Turini, Franco and Pedreshi, Dino and Ruggieri, Salvatore and Turini, Franco},
  booktitle = {Proceedings of the ACM SIGKDD International Conference on Knowledge Discovery and Data Mining},
  isbn = {9781605581934},
  issn = {0309-0167 (Print)},
  number = {May 2014},
  pages = {560--568},
  pmid = {7698734},
  title = {{Discrimination-aware data mining}},
  url = {http://dl.acm.org/citation.cfm?doid=1401890.1401959},
  year = {2008}
}

@inproceedings{patki2016,
  author = {Patki, Neha and Wedge, Roy and Veeramachaneni, Kalyan},
  booktitle = {Proceedings - 3rd IEEE International Conference on Data Science and Advanced Analytics, DSAA 2016},
  isbn = {9781509052066},
  month = {oct},
  pages = {399--410},
  title = {{The synthetic data vault}},
  year = {2016}
}

@inproceedings{tallo2018,
  author = {Tallo, T E and Musdholifah, A},
  booktitle = {2018 4th International Conference on Science and Technology (ICST)},
  month = {aug},
  pages = {1--4},
  title = {{The Implementation of Genetic Algorithm in Smote (Synthetic Minority Oversampling Technique) for Handling Imbalanced Dataset Problem}},
  year = {2018}
}

@article{zafar2015,
  archivePrefix = {arXiv},
  arxivId = {arXiv:1507.05259v1},
  author = {Zafar, Muhammad and Valera, Isabel and {Gomez Rodriguez}, Manuel and Gummadi, Krishna P and Rodriguez, Manuel Gomez and Gummadi, Krishna P},
  eprint = {arXiv:1507.05259v1},
  number = {July},
  title = {{Fairness Constraints: A Mechanism for Fair Classification}},
  year = {2015}
}

@misc{Sarkar2018,
  abstract = {A brief rundown of methods/packages/ideas to generate synthetic data for self-driven data science projects and deep diving into machine learning methods.},
  author = {Sarkar, Tirthajyoti},
  title = {{Synthetic data generation â€” a must-have skill for new data scientists}},
  url = {https://towardsdatascience.com/synthetic-data-generation-a-must-have-skill-for-new-data-scientists-915896c0c1ae},
  year = {2018}
}


